<record><leader>00000cas a22000007a 4500</leader><controlfield tag="001">14196539</controlfield><controlfield tag="008">860909d19161917mtuwr ne      0    0ger d</controlfield><datafield ind1=" " ind2=" " tag="010"><subfield code="a">sn 86075323 </subfield></datafield><datafield ind1=" " ind2=" " tag="040"><subfield code="a">MTL</subfield><subfield code="b">eng</subfield><subfield code="c">MTL</subfield><subfield code="d">OCL</subfield><subfield code="d">OCLCQ</subfield></datafield><datafield ind1="0" ind2=" " tag="041"><subfield code="a">gereng</subfield></datafield><datafield ind1=" " ind2=" " tag="042"><subfield code="a">msc</subfield></datafield><datafield ind1="0" ind2="0" tag="245"><subfield code="a">Montana German press and Montana staats-zeitung.</subfield></datafield><datafield ind1=" " ind2=" " tag="260"><subfield code="a">Helena, Mont. :</subfield><subfield code="b">Montana Staats-zeitung Pub. Co.,</subfield><subfield code="c">1916-1917.</subfield></datafield><datafield ind1=" " ind2=" " tag="300"><subfield code="a">1 v. :</subfield><subfield code="b">ill. ;</subfield><subfield code="c">60 cm.</subfield></datafield><datafield ind1=" " ind2=" " tag="310"><subfield code="a">Weekly</subfield></datafield><datafield ind1="0" ind2=" " tag="362"><subfield code="a">Vol. 31, no. 7 (Sept. 29, 1916)-v. 32, no. 7 (Sept. 27, 1917).</subfield></datafield><datafield ind1=" " ind2=" " tag="500"><subfield code="a">"The Only German-American Newspaper of Montana."</subfield></datafield><datafield ind1=" " ind2=" " tag="546"><subfield code="a">In German and English.</subfield></datafield><datafield ind1=" " ind2=" " tag="550"><subfield code="a">Official organ of: Independent Citizens League of Montana.</subfield></datafield><datafield ind1="2" ind2=" " tag="710"><subfield code="a">Independent Citizens League of Montana.</subfield></datafield><datafield ind1=" " ind2=" " tag="752"><subfield code="a">United States</subfield><subfield code="b">Montana</subfield><subfield code="c">Lewis and Clark</subfield><subfield code="d">Helena.</subfield></datafield><datafield ind1="0" ind2="0" tag="780"><subfield code="t">Montana staats-zeitung</subfield><subfield code="w">(DLC)sn 83025318</subfield></datafield><datafield ind1="1" ind2=" " tag="029"><subfield code="a">AU@</subfield><subfield code="b">000025804108</subfield></datafield></record>